@inproceedings{37648,
title = {Reading Digits in Natural Images with Unsupervised Feature Learning},
author  = {Yuval Netzer and Tao Wang and Adam Coates and Alessandro Bissacco and Bo Wu and Andrew Y. Ng},
year  = 2011,
URL = {http://ufldl.stanford.edu/housenumbers/nips2011_housenumbers.pdf},
booktitle = {NIPS Workshop on Deep Learning and Unsupervised Feature Learning 2011}
}

@article{DosovitskiySRB14,
  author    = {Alexey Dosovitskiy and
               Jost Tobias Springenberg and
               Martin Riedmiller and
               Thomas Brox},
  title     = {Discriminative Unsupervised Feature Learning with Convolutional Neural
               Networks},
  journal   = {CoRR},
  volume    = {abs/1406.6909},
  year      = {2014},
  url       = {http://arxiv.org/abs/1406.6909},
  timestamp = {Thu, 19 Jul 4436114 19:10:24 +},
  biburl    = {http://dblp.uni-trier.de/rec/bib/journals/corr/DosovitskiySRB14},
  bibsource = {dblp computer science bibliography, http://dblp.org}
}

@inproceedings{coates2011analysis,
  author = {Coates, A. and Lee, H. and Ng, A.Y.},
  biburl = {http://www.bibsonomy.org/bibtex/2bcb2c1fd335ae57362cdf348ff727589/jaeschke},
  booktitle = {Proceedings of the Fourteenth International Conference on Artificial Intelligence and Statistics},
  editor = {Gordon, Geoffrey and Dunson, David and Dud√≠k, Miroslav},
  interhash = {46cfb4b5b1c16c79a966512e07f67158},
  intrahash = {bcb2c1fd335ae57362cdf348ff727589},
  keywords = {feature learning machine ml unsupervised},
  pages = {215--223},
  publisher = {JMLR W\&CP},
  series = {JMLR Workshop and Conference Proceedings},
  timestamp = {2014-07-28T15:57:31.000+0200},
  title = {An analysis of single-layer networks in unsupervised feature learning},
  url = {http://jmlr.csail.mit.edu/proceedings/papers/v15/coates11a.html},
  volume = 15,
  year = 2011
}

@inproceedings {lecun-98b,
original =    "orig/lecun-98b.ps.gz",
author =  "LeCun, Y. and Bottou, L. and Orr, G. and Muller, K.",
title =   "Efficient BackProp",
booktitle = "Neural Networks: Tricks of the trade",
editor =        "Orr, G. and Muller K.",
publisher =     "Springer",
year =    1998
}